@misc{newton-raphson,
    author = {Richard Anstee},
    date = {September 2006},
    title = {The Newton-Raphson Method},
    url = {https://personal.math.ubc.ca/~/newtonmethod.pdf}
}

@misc{num_analysis_britannica,
    title = {numerical analysis},
    author = {Kendall Atkinson},
    date = {10/03/2005},
    url = {https://www.britannica.com/science/numerical-analysis}
}

@misc{num_analysis_matlab,
    title = {What Is Numerical Analysis},
    author = {MathWorks},
    url = {https://uk.mathworks.com/discovery/numerical-analysis.html}}

@misc{analytical,
    title = {analysis},
    author = {{Cambridge Dictionary}},
    url = {https://dictionary.cambridge.org/dictionary/english/analysis}}

@misc{explicit,
    title = {explicit},
    author = {{Cambridge Dictionary}},
    url = {https://dictionary.cambridge.org/dictionary/english/explicit}}